
@inproceedings{leo2015socioeconomic,
  title={Socioeconomic correlations in communication networks},
  author={Leo, Yannick and Fleury, Eric and Sarraute, Carlos and Alvarez-Hamelin, Jos{\'e} Ignacio and Karsai, M{\`a}rton},
  booktitle={Fourth conference on the Analysis of Mobile Phone Datasets (NetMob 2015)},
  year={2015}
}

@inproceedings{sarraute2015city,
  title={The City Pulse of {B}uenos {A}ires},
  author={Sarraute, Carlos and Lang, Carolina and Ponieman, Nicolas B and Anapolsky, Sebastian},
  booktitle={Workshop Big Data \& Environment},
  year={2015}
}

@article{aristotle1995complete,
  title={Complete works of {{A}}ristotle},
  author={Aristotle},
  journal={Ed. J. Barnes, Princeton, NJ},
  year={1995}
}

@inproceedings{aynaud2010static,
  title={Static community detection algorithms for evolving networks},
  author={Aynaud, Thomas and Guillaume, Jean-Loup},
  booktitle={WiOpt'10},
  pages={513--519},
  year={2010},
  organization={IEEE}
}


@article{blondel2008fast,
  title={Fast unfolding of communities in large networks},
  author={Blondel, Vincent and Guillaume, Jean-Loup and Lambiotte, Renaud and Lefebvre, Etienne},
  journal={Journal of Statistical Mechanics: Theory and Experiment},
  volume={2008},
  number={10},
  pages={P10008},
  year={2008},
  publisher={IOP Publishing}
}

@article{Chapelle2006,
  title={Semi-supervised Learning},
  author={O. Chapelle and B.Sch√∂lkopf and A. Zien},
  year={2006},
  journal={MIT Press}
}

@article{Chung1997,
  title={Spectral Graph Theory},
  author={F. R. K. Chung},
  year={1997},
  journal={CBMS}
}


@article{Nicolis1977,
  title={Self-organization in non equilibrium systems},
  author={G. Nicolis and I. Prigogine},
  year={1977},
  journal={Wiley}
}

@inproceedings{sarraute2014,
  title={A Study of Age and Gender seen through Mobile Phone Usage Patterns in {M}exico},
  author={Carlos Sarraute and Pablo Blanc and Javier Burroni},
  booktitle={2014 IEEE/ACM International Conference on Advances in Social Networks Analysis and Mining},
  year={2014},
  location = {Beijing, China},
  pages = {836--843},
  organization={IEEE}
}

@inproceedings{blumenstock2010mobile,
  title={Mobile divides: gender, socioeconomic status, and mobile phone use in {R}wanda},
  author={Blumenstock, Joshua and Eagle, Nathan},
  booktitle={Proceedings of the 4th ACM/IEEE International Conference on Information and Communication Technologies and Development},
  pages={6},
  year={2010},
  location={London, United Kingdom},
  organization={ACM}
}

@article{blumenstock2010s,
  title={Who's calling? Demographics of mobile phone use in {R}wanda},
  author={Blumenstock, Joshua E and Gillick, Dan and Eagle, Nathan},
  journal={Transportation},
  volume={32},
  pages={2--5},
  year={2010}
}

@inproceedings{cho2011friendship,
  title={Friendship and mobility: user movement in location-based social networks},
  author={Cho, Eunjoon and Myers, Seth A and Leskovec, Jure},
  booktitle={ACM SIGKDD},
  pages={1082--1090},
  year={2011},
  organization={ACM}
}

@inproceedings{brea2014,
  title={Harnessing Mobile Phone Social Network Topology to Infer
Users Demographic Attributes},
  author={Brea, Jorge and Burroni, Javier and Martin, Minnoni and Sarraute, Carlos},
  booktitle={ACM SIGKDD},
  year={2014},
  organization={ACM}
}


@book{crisp2000aristotle,
  title={Aristotle: Nicomachean Ethics},
  author={Crisp, Roger and others},
  year={2000},
  publisher={Cambridge University Press}
}


@article{feld1982social,
  title={Social structural determinants of similarity among associates},
  author={Feld, Scott L},
  journal={American Sociological Review},
  pages={797--801},
  year={1982},
  publisher={JSTOR}
}


@article{fenn2012dynamical,
  title={Dynamical clustering of exchange rates},
  author={Fenn, Daniel J and Porter, Mason A and Mucha, Peter J and McDonald, Mark and Williams, Stacy and Johnson, Neil F and Jones, Nick S},
  year={2012},
  journal={Exchange Organizational Behavior Teaching Journal},
  publisher={Taylor \& Francis}
}

@book{fischer1977networks,
  title={Networks and places: Social relations in the urban setting},
  author={Fischer, Claude S and Stueve, C and Jones, Lynne M and Jackson, Robert M and Gerson, Kathleen and Baldassare, Mark},
  year={1977},
  location={},
  publisher={Free Press New York}
}

@article{fortunato2010community,
  title={Community detection in graphs},
  author={Fortunato, Santo},
  journal={Physics Reports},
  volume={486},
  number={3},
  pages={75--174},
  year={2010},
  publisher={Elsevier}
}

@inproceedings{frias2010gender,
  title={A Gender-Centric Analysis of Calling Behavior in a Developing Economy Using Call Detail Records},
  author={Frias-Martinez, Vanessa and Frias-Martinez, Enrique and Oliver, Nuria},
  booktitle={AAAI Spring Symposium: Artificial Intelligence for Development},
  year={2010}
}

@article{gonzalez2008understanding,
  title={Understanding individual human mobility patterns},
  author={Gonzalez, Marta C and Hidalgo, Cesar A and Barabasi, Albert-Laszlo},
  journal={Nature},
  volume={453},
  number={7196},
  pages={779--782},
  year={2008},
  publisher={Nature Publishing Group}
}

@inproceedings{greene2010tracking,
  title={Tracking the evolution of communities in dynamic social networks},
  author={Greene, Derek and Doyle, D{\'o}nal and Cunningham, P{\'a}draig},
  booktitle={ASONAM'10},
  pages={176--183},
  year={2010},
  organization={IEEE}
}

@article{losos1995community,
  title={Community evolution in Greater Antillean Anolis lizards: phylogenetic patterns and experimental tests},
  author={Losos, Jonathan B},
  journal={Philosophical Transactions of the Royal Society of London. Series B: Biological Sciences},
  volume={349},
  number={1327},
  pages={69--75},
  year={1995},
  publisher={The Royal Society}
}

@article{mcpherson2001birds,
  title={Birds of a feather: Homophily in social networks},
  author={McPherson, Miller and Smith-Lovin, Lynn and Cook, James M},
  journal={Annual review of sociology},
  pages={415--444},
  year={2001},
  publisher={JSTOR}
}

@article{newman2004finding,
  title={Finding and evaluating community structure in networks},
  author={Newman, Mark EJ and Girvan, Michelle},
  journal={Physical review E},
  volume={69},
  number={2},
  pages={026113},
  year={2004},
  publisher={APS}
}

@article{palla2007quantifying,
  title={Quantifying social group evolution},
  author={Palla, Gergely and Barab{\'a}si, Albert-L{\'a}szl{\'o} and Vicsek, Tam{\'a}s},
  journal={Nature},
  volume={446},
  number={7136},
  pages={664--667},
  year={2007},
  publisher={Nature Publishing Group}
}

@inproceedings{ponieman2013human,
  title={Human mobility and predictability enriched by social phenomena information},
  author={Ponieman, Nicolas and Salles, Alejo and Sarraute, Carlos},
  booktitle={Proceedings of the 2013 IEEE/ACM International Conference on Advances in Social Networks Analysis and Mining},
  location = {Niagara, ON, Canada},
  pages={1331--1336},
  year={2013},
  organization={ACM}
}

@inproceedings{sarraute2013evolution,
  title={Evolution of Communities with Focus on Stability},
  author={Sarraute, Carlos and Calderon, Gervasio},
  booktitle={Third International Conference on the Analysis of Mobile Phone Datasets (NetMob)},
  year={2013}
}

@inproceedings{singh2013predicting,
  title={Predicting Spending Behavior using Socio-Mobile Features},
  author={Singh, Vivek K and Freeman, Laura and Lepri, Bruno and Pentland, Alex Sandy},
  booktitle={Social Computing (SocialCom), 2013 International Conference on},
  location = {Washington, DC, USA},
  pages={174--179},
  year={2013},
  organization={IEEE}
}

@article{ugander2011anatomy,
  title={The Anatomy of the {F}acebook Social Graph},
  author={Ugander, Johan and Karrer, Brian and Backstrom, Lars and Marlow, Cameron},
  journal={Structure},
  volume={5},
  pages={6},
  year={2011}
}

@article{OnnelaPNAS2007,
  title={Structure and tie strengths in mobile communication networks},
  author={J.P. Onnela and J. Saramaki and J.Hyvonen and G. Szabo and D. Lazer and K. Kaski and J. Kertesz and A. L. Barabasi},
  journal={PNAS},
  volume={},
  pages={},
  year={2007}
}

@article{GutierrezKringBlondel2013,
  title={Evaluating socio-economic state of a country analyzing airtime credit and mobile phone datasets},
  author={Thoralf Gutierrez and  Gautier Krings and  Vincent D. Blondel},
  journal={arXiv preprint arXiv:1309.4496},
  volume={},
  pages={},
  year={2013}
}

@article{SeshadriMachirajuFaloutsos2008,
  title={Mobile call graphs: beyond power-law and lognormal distributions.},
  author={ M. Seshadri and S. Machiraju and A. Sridharan and J. Bolot and C. Faloutsos, andJ. Leskovec},
  journal={ACM-KDD},
  volume={},
  pages={596-604},
  year={2008}
}

@article{DongTangChawla2014,
  title={Inferring User Demographics and Social Strategies in Mobile Social Networks},
  author={Yuxiao Dong and  Yang and Jie Tang and Yang Yang and Nitesh V. Chawla},
  journal={ACM-KDD},
  volume={},
  pages={},
  year={2014}
}


@inproceedings{DongTangChawla2013,
  title={How Long Will She Call Me? {D}istribution, Social Theory and Duration Prediction},
  author={Dong, Yuxiao and Tang, Jie and Lou, Tiancheng and Wu, Bin and Chawla, Nitesh V},
  booktitle={ECML PKDD 2013, Part II, LNAI 8189},
  pages={16--31},
  year={2013},
  publisher={Springer}
}


@incollection{MiritelloMoro2013,
  title={Time allocation in social networks: correlation between social structure and human communication dynamics},
  author={Miritello, Giovanna and Lara, Rub{\'e}n and Moro, Esteban},
  booktitle={Temporal Networks},
  pages={175--190},
  year={2013},
  publisher={Springer Berlin Heidelberg}
}

@article{BarratVespiniani2008,
  title={Dynamical Process on Complex Networks},
  author={A. Barrat and B. Arth and M. Elemy and A. Vespignani},
  journal={Cambridge University Press},
  volume={},
  pages={},
  year={2008}
}

@inproceedings{xavier2013understanding,
  title={Understanding Human Mobility Due to Large-Scale Events},
  author={Xavier, Faber Henrique and Malab, Carlos Henrique and Silveira, Lucas and Ziviani, Artur and Almeida, Jussara and Marques-Neto, Humberto},
  booktitle={Third International Conference on the Analysis of Mobile Phone Datasets (NetMob)},
  year={2013}
}

@inproceedings{wu2009group,
  title={Group {CRM}: a new telecom {CRM} framework from social network perspective},
  author={Wu, Bin and Ye, Qi and Yang, Shengqi and Wang, Bai},
  booktitle={CNIKM'09},
  pages={3--10},
  year={2009},
  organization={ACM}
}


@article{fan_liblinear:_2008,
	title = {{LIBLINEAR:} A library for large linear classification},
	volume = {9},
	shorttitle = {{LIBLINEAR}},
	journal = {The Journal of Machine Learning Research},
	author = {Fan, Rong-En and Chang, Kai-Wei and Hsieh, Cho-Jui and Wang, Xiang-Rui and Lin, Chih-Jen},
	year = {2008},
	pages = {1871‚Äì1874},
}

@article{scikit-learn:_2011,
	title = {Scikit-learn: Machine learning in Python},
	volume = {12},
	shorttitle = {Scikit-learn},
	journal = {The Journal of Machine Learning Research},
	author = {Pedregosa, Fabian and Varoquaux, Ga√´l and Gramfort, Alexandre and Michel, Vincent and Thirion, Bertrand and Grisel, Olivier and Blondel, Mathieu and Prettenhofer, Peter and Weiss, Ron and Dubourg, Vincent},
	year = {2011},
	pages = {2825‚Äì2830},
}


@inproceedings{hsieh_dual_2008,
	title = {A dual coordinate descent method for large-scale linear {SVM}},
	urldate = {2014-02-27},
	booktitle = {Proceedings of the 25th international conference on Machine learning},
	location = {Helsinki, Finland},
	publisher = {{ACM}},
	author = {Hsieh, Cho-Jui and Chang, Kai-Wei and Lin, Chih-Jen and Keerthi, S Sathiya and Sundararajan, Sellamanickam},
	year = {2008},
	pages = {408‚Äì415}
}


@book{greene_econometric_2011,
	edition = {7},
	title = {Econometric Analysis},
	isbn = {0131395386},
	publisher = {Prentice Hall},
	author = {Greene, William H.},
	month = feb,
	year = {2011},
}

@inproceedings{statsmodels2010,
 title={Statsmodels: Econometric and Statistical Modeling with Python},
 author={Seabold, J.S. and Perktold, J.},
 booktitle={Proceedings of the 9th Python in Science Conference},
 year={2010}
}



@book{wikipedia_propensity_2014,
	title = "Propensity score matching --- Wikipedia{,} The Free Encyclopedia",
	url = {http://en.wikipedia.org/w/index.php?title=Propensity_score_matching&oldid=601494565},
	author = {Wikipedia},
	year = {2014},
	note = {[Online; accessed 27-March-2014]}
}

@article{schneider_unravelling_2013,
	title = {Unravelling daily human mobility motifs},
	volume = {10},
	number = {84},
	urldate = {2014-04-03},
	journal = {Journal of The Royal Society Interface},
	author = {Schneider, Christian M. and Belik, Vitaly and Couronn√©, Thomas and Smoreda, Zbigniew and Gonz√°lez, Marta C.},
	year = {2013},
	pages = {20130246},
}


@InProceedings{ mckinney-proc-scipy-2010, 
  author    = { Wes McKinney }, 
  title     = { Data Structures for Statistical Computing in Python }, 
  booktitle = { Proceedings of the 9th Python in Science Conference }, 
  pages     = { 51 - 56 }, 
  year      = { 2010 }, 
  editor    = { St\'efan van der Walt and Jarrod Millman } 
} 

@Article{Hunter:2007,
  Author    = {Hunter, J. D.},
  Title     = {Matplotlib: A 2D graphics environment},
  Journal   = {Computing In Science \& Engineering},
  Volume    = {9},
  Number    = {3},
  Pages     = {90--95},
  abstract  = {Matplotlib is a 2D graphics package used for Python
  for application development, interactive scripting, and
  publication-quality image generation across user
  interfaces and operating systems.},
  publisher = {IEEE COMPUTER SOC},
  year      = 2007
}

@book{katz_economics_2001,
	series = {Africa Region Human Developments},
	title = {The economics of gender in Mexico: Work, family, state, and market},
	shorttitle = {The economics of gender in Mexico},
	publisher = {World Bank Publications},
	author = {Katz, Elizabeth G. and Correia, Maria Cecilia},
	year = {2001},
}

@article{rosenbaum1983central,
  title={The central role of the propensity score in observational studies for causal effects},
  author={Rosenbaum, Paul and Rubin, Donald},
  journal={Biometrika},
  volume={70},
  number={1},
  pages={41--55},
  year={1983},
  publisher={Biometrika Trust}
}

@book{william2002experimental,
  title={Experimental and quasi-experimental designs for generalized causal inference},
  author={William Shadish and Cook, Thomas D and Campbell, Donald Thomas},
  year={2002},
  publisher={Wadsworth Cengage learning}
}



@book{saad2003iterative,
  title={Iterative methods for sparse linear systems},
  author={Saad, Yousef},
  year={2003},
  publisher={Siam}
}


@article{tukey1949comparing,
  title={Comparing individual means in the analysis of variance},
  author={Tukey, John W},
  journal={Biometrics},
  pages={99--114},
  year={1949},
  publisher={JSTOR}
}

@article{wang2009understanding,
  title={Understanding the spreading patterns of mobile phone viruses},
  author={Wang, Pu and Gonz{\'a}lez, Marta C and Hidalgo, C{\'e}sar A and Barab{\'a}si, Albert-L{\'a}szl{\'o}},
  journal={Science},
  volume={324},
  number={5930},
  pages={1071--1076},
  year={2009},
  publisher={American Association for the Advancement of Science}
}

@article{dyagilev2013information,
  title={On information propagation in mobile call networks},
  author={Dyagilev, Kirill and Mannor, Shie and Yom-Tov, Elad},
  journal={Social Network Analysis and Mining},
  volume={3},
  number={3},
  pages={521--541},
  year={2013},
  publisher={Springer}
}

@phdthesis{naboulsi2015mobile,
  title={Mobile Traffic Analysis: a Survey},
  author={Naboulsi, Diala and Fiore, Marco and Ribot, Stephane and Stanica, Razvan},
  year={2015},
  school={Universit{\'e} de Lyon; INRIA Grenoble-Rh{\^o}ne-Alpes; INSA Lyon; CNR-IEIIT}
}

@article{adali2014predicting,
  title={Predicting personality with social behavior: a comparative study},
  author={Adali, Sibel and Golbeck, Jennifer},
  journal={Social Network Analysis and Mining},
  volume={4},
  number={1},
  pages={1--20},
  year={2014},
  publisher={Springer}
}

@article{xu2010,
author = "Xu, Ya and Dyer, Justin S. and Owen, Art B.",
doi = "10.1214/09-AOAS293",
fjournal = "The Annals of Applied Statistics",
journal = "Ann. Appl. Stat.",
month = "06",
number = "2",
pages = "589--614",
publisher = "The Institute of Mathematical Statistics",
title = "Empirical stationary correlations for semi-supervised learning on graphs",
url = "http://dx.doi.org/10.1214/09-AOAS293",
volume = "4",
year = "2010"
}

@INPROCEEDINGS{Zhou04learningwith,
    author = {Dengyong Zhou and Olivier Bousquet and Thomas Navin Lal and Jason Weston and Bernhard Sch√∂lkopf},
    title = {Learning with local and global consistency},
    booktitle = {Advances in Neural Information Processing Systems 16},
    year = {2004},
    pages = {321--328},
    publisher = {MIT Press}
}

@inproceedings{zhou2004semi,
  title={Semi-supervised Learning on Directed Graphs.},
  author={Zhou, Dengyong and Sch{\"o}lkopf, Bernhard and Hofmann, Thomas},
  booktitle={Advances in neural information processing systems (NIPS) 17},
  pages={1633--1640},
  year={2004}
}

@article{perc2014matthew,
  title={The Matthew effect in empirical data},
  author={Perc, Matja{\v{z}}},
  journal={Journal of The Royal Society Interface},
  volume={11},
  number={98},
  pages={20140378},
  year={2014},
  publisher={The Royal Society}
}

@article{kivela2014multilayer,
  title={Multilayer networks},
  author={Kivel{\"a}, Mikko and Arenas, Alex and Barthelemy, Marc and Gleeson, James P and Moreno, Yamir and Porter, Mason A},
  journal={Journal of Complex Networks},
  volume={2},
  number={3},
  pages={203--271},
  year={2014},
  publisher={Oxford University Press}
}

@misc{mexico2010census,
 author = {INEGI},
  title = {{Mexican 2010 Census}},
  year = {2010},
  note = {[Online]},
  url = {http://sc.inegi.gob.mx/niveles/datosnbi/COMAGB.dbf}
}

@misc{plan_nacional_chagas,
 author = {Ministerio de Salud Argentina},
 title = {{Plan Nacional de Chagas}},
 url = {http://www.msal.gob.ar/chagas/},
 year = {2016},
 note = {[Online, accessed 9-may-2016]},
}

@misc{gallup2013,
 author = {Gallup},
 title = {Worldwide Median House Income},
 url = {http://www.gallup.com/poll/166211/worldwide-median-household-income-000.aspx},
 year = {2013},
 note = { [Online, accessed 16-may-2016] }
}
 
@misc{world_bank,
  author = {World Bank},
  title = {World Bank Open Data},
  url = {http://data.worldbank.org/},
  year = {2016},
  note = { [Online, accessed 14-July-2016] }
}

@book{statistical_analysis,
  author = {Jarome L. Myers},
  title = {Research Design and Statistical Analysis},
  year = {2003},
  isbn = {0-8058-4037-0}
}

@book{mackay,
  author = {David MacKay},
  title = {Information Theory, Inference, and Learning Algorithms},
  year = {2003},
  isbn = {0-5216-4298-1}
}

@book{aristotle370bce,
  author = {Aristotle},
  title = {Rheroric},
  year = {370 BCE},
}

@article{lazarsfeld1954,
  author = {Paul F. Lazarsfeld, Robert K. Merton},
  title = {Friendship as a social process: A substantive and methodological analysis},
  year = {1954}
}

@article{ugander2011,
	author = {Johan Ugander et al.},
	title = {The Anatomy of the Facebook Social Graph},
	year = {2011}
}
